
@online{yann_lecun_mnist_nodate,
	title = {{MNIST} handwritten digit database, Yann {LeCun}, Corinna Cortes and Chris Burges},
	url = {http://yann.lecun.com/exdb/mnist/},
	author = {{Yann LeCun} and {Corinna Cortes} and {Christopher J.C. Burges}},
	urldate = {2022-04-30},
	file = {MNIST handwritten digit database, Yann LeCun, Corinna Cortes and Chris Burges:/Users/asworski/Documents/Zotero/storage/3CFWGVBF/mnist.html:text/html},
}

@online{noauthor_cifar-10_nodate,
	title = {{CIFAR}-10 and {CIFAR}-100 datasets},
	url = {https://www.cs.toronto.edu/~kriz/cifar.html},
	urldate = {2022-04-30},
	file = {CIFAR-10 and CIFAR-100 datasets:/Users/asworski/Documents/Zotero/storage/PMJIC8L5/cifar.html:text/html},
}

@online{noauthor_convolutional_nodate,
	title = {Convolutional Neural Networks ({CNN}) for {CIFAR}-10 Dataset},
	url = {http://parneetk.github.io/blog/cnn-cifar10/},
	abstract = {More examples to implement {CNN} in Keras},
	titleaddon = {Parneet Kaur},
	urldate = {2022-04-30},
	langid = {english},
	file = {Snapshot:/Users/asworski/Documents/Zotero/storage/8X3XUPGY/cnn-cifar10.html:text/html},
}

@online{noauthor_fig_nodate,
	title = {Fig. 2. Some samples of the {MNIST} dataset},
	url = {https://www.researchgate.net/figure/Some-samples-of-the-MNIST-dataset_fig1_342733731},
	abstract = {Download scientific diagram {\textbar} Some samples of the {MNIST} dataset from publication: {RDP}-{GAN}: A R{\textbackslash}'enyi-Differential Privacy based Generative Adversarial Network {\textbar} Generative adversarial network ({GAN}) has attracted increasing attention recently owing to its impressive ability to generate realistic samples with high privacy protection. Without directly interactive with training examples, the generative model can be fully used to estimate... {\textbar} Privacy, Privatization and Protection {\textbar} {ResearchGate}, the professional network for scientists.},
	titleaddon = {{ResearchGate}},
	urldate = {2022-04-30},
	langid = {english},
	file = {Snapshot:/Users/asworski/Documents/Zotero/storage/WE6IDQT5/Some-samples-of-the-MNIST-dataset_fig1_342733731.html:text/html},
}

@online{noauthor_tiny_nodate,
	title = {Tiny {ImageNet}},
	url = {https://kaggle.com/competitions/tiny-imagenet},
	abstract = {This is a miniature of {ImageNet} classification Challenge.},
	urldate = {2022-04-30},
	langid = {english},
	file = {Snapshot:/Users/asworski/Documents/Zotero/storage/V5S4AC6H/overview.html:text/html},
}